@article{sancho2014approach,
  title     = {An approach to the taxonomy of data visualisation},
  author    = {Sancho, JL Valero},
  journal   = {the taxonomy of data visualisation},
  year      = {2014},
  publisher = {Universidad de La Laguna (Tenerife, Islas Canarias). LAboratorio de~…}
}

@inproceedings{li2015advanced,
  title        = {Advanced aggregate computation for large data visualization},
  author       = {Li, Xinxiao and Kuroda, Akira and Matsuzaki, Hidenori and Nakajima, Nobuyasu},
  booktitle    = {2015 IEEE 5th Symposium on Large Data Analysis and Visualization (LDAV)},
  pages        = {137--138},
  year         = {2015},
  organization = {IEEE}
}

@misc{bertin1983semiology,
  title     = {Semiology of Graphics. Madison, Wis},
  author    = {Bertin, Jacques},
  year      = {1983},
  publisher = {Univ. of Wisconsin Press}
}

@incollection{STEED2017165,
  title     = {Chapter 7 - Interactive Data Visualization},
  editor    = {Mashrur Chowdhury and Amy Apon and Kakan Dey},
  booktitle = {Data Analytics for Intelligent Transportation Systems},
  publisher = {Elsevier},
  pages     = {165-190},
  year      = {2017},
  isbn      = {978-0-12-809715-1},
  doi       = {https://doi.org/10.1016/B978-0-12-809715-1.00007-9},
  url       = {https://www.sciencedirect.com/science/article/pii/B9780128097151000079},
  author    = {Chad A. Steed},
  keywords  = {Data visualization, visual analytics, human–computer interaction, information visualization, scientific visualization}
}

@book{ward2010interactive,
  title     = {Interactive data visualization: foundations, techniques, and applications},
  author    = {Ward, Matthew O and Grinstein, Georges and Keim, Daniel},
  year      = {2010},
  publisher = {AK Peters/CRC Press}
}

@article{wolfe2015sensation,
  title     = {Sensation and perception},
  author    = {Wolfe, Jeremy M and Kluender, Keith R and Levi, Dennis M and Bartoshuk, Linda M and Herz, Rachel S and Klatzky, Roberta L and Lederman, Susan J and Merfeld, Daniel M},
  journal   = {Sensation and perception},
  year      = {2015},
  publisher = {Sinauer Associates}
}

@book{salvendy2012handbook,
  title     = {Handbook of human factors and ergonomics},
  author    = {Salvendy, Gavriel},
  pages     = {1209--1236},
  year      = {2012},
  publisher = {John Wiley \& Sons}
}

@incollection{shneiderman2003eyes,
  title     = {The eyes have it: A task by data type taxonomy for information visualizations},
  author    = {Shneiderman, Ben},
  booktitle = {The craft of information visualization},
  pages     = {336--343},
  year      = {2003},
  publisher = {Elsevier}
}

@article{hornbaek2002navigation,
  title     = {Navigation patterns and usability of zoomable user interfaces with and without an overview},
  author    = {Hornb{\ae}k, Kasper and Bederson, Benjamin B and Plaisant, Catherine},
  journal   = {ACM Transactions on Computer-Human Interaction (TOCHI)},
  volume    = {9},
  number    = {4},
  pages     = {362--389},
  year      = {2002},
  publisher = {ACM New York, NY, USA}
}

@inproceedings{bederson1994pad++,
  title     = {Pad++ a zooming graphical interface for exploring alternate interface physics},
  author    = {Bederson, Benjamin B and Hollan, James D},
  booktitle = {Proceedings of the 7th annual ACM symposium on User interface software and technology},
  pages     = {17--26},
  year      = {1994}
}

@article{johnson1999tree,
  title   = {Tree-maps: A space-filling approach to the visualization of hierarchical},
  author  = {Johnson, Brian and Shneiderman, Ben},
  journal = {Readings in information visualization: Using vision to think},
  pages   = {284--291},
  year    = {1991}
}

@article{plaisant1995image,
  title     = {Image-browser taxonomy and guidelines for designers},
  author    = {Plaisant, Catherine and Carr, David and Shneiderman, Ben},
  journal   = {Ieee Software},
  volume    = {12},
  number    = {2},
  pages     = {21--32},
  year      = {1995},
  publisher = {IEEE}
}

@inproceedings{rao1994table,
  title     = {The table lens: merging graphical and symbolic representations in an interactive focus+ context visualization for tabular information},
  author    = {Rao, Ramana and Card, Stuart K},
  booktitle = {Proceedings of the SIGCHI conference on Human factors in computing systems},
  pages     = {318--322},
  year      = {1994}
}

@inproceedings{baudisch2002keeping,
  title     = {Keeping things in context: a comparative evaluation of focus plus context screens, overviews, and zooming},
  author    = {Baudisch, Patrick and Good, Nathaniel and Bellotti, Victoria and Schraedley, Pamela},
  booktitle = {Proceedings of the SIGCHI conference on Human factors in computing systems},
  pages     = {259--266},
  year      = {2002}
}

@book{ward2015interactive,
  title     = {Interactive data visualization: foundations, techniques, and applications, second ed.},
  author    = {Ward, Matthew O and Grinstein, Georges and Keim, Daniel},
  year      = {2015},
  publisher = {A K Peters Publishers, Natick, MA}
}

@inproceedings{wills1996selection,
  title        = {Selection: 524,288 ways to say" this is interesting"},
  author       = {Wills, Graham J},
  booktitle    = {Proceedings IEEE Symposium on Information Visualization'96},
  pages        = {54--60},
  year         = {1996},
  organization = {IEEE}
}

@inproceedings{north2001multiple,
  title     = {Multiple views and tight coupling in visualization: A language, taxonomy, and system},
  author    = {North, Chris},
  booktitle = {Proc. CSREA CISST 2001 Workshop of Fundamental Issues in Visualization},
  pages     = {626--632},
  year      = {2001}
}

@inproceedings{wang2000guidelines,
  title     = {Guidelines for using multiple views in information visualization},
  author    = {Wang Baldonado, Michelle Q and Woodruff, Allison and Kuchinsky, Allan},
  booktitle = {Proceedings of the working conference on Advanced visual interfaces},
  pages     = {110--119},
  year      = {2000}
}

@article{becker1987brushing,
  title     = {Brushing scatterplots},
  author    = {Becker, Richard A and Cleveland, William S},
  journal   = {Technometrics},
  volume    = {29},
  number    = {2},
  pages     = {127--142},
  year      = {1987},
  publisher = {Taylor \& Francis}
}

@inproceedings{kung2015visualization,
  title        = {Visualization of big data},
  author       = {Kung, Sun-Yuan},
  booktitle    = {2015 IEEE 14th International Conference on Cognitive Informatics \& Cognitive Computing (ICCI* CC)},
  pages        = {447--448},
  year         = {2015},
  organization = {IEEE}
}

@article{nair2016interactive,
  title     = {Interactive visual analytics on Big Data: Tableau vs D3. js},
  author    = {Nair, Lekha and Shetty, Sujala and Shetty, Siddhanth},
  journal   = {Journal of e-Learning and Knowledge Society},
  volume    = {12},
  number    = {4},
  year      = {2016},
  publisher = {Italian e-Learning Association}
}

@article{parenteau2016magic,
  title   = {Magic quadrant for business intelligence and analytics platforms},
  author  = {Parenteau, Josh and Sallam, Rita L and Howson, Cindi and Tapadinhas, Joao and Schlegel, Kurt and Oestreich, Thomas W},
  journal = {Recuperado de https://www. gartner. com/doc/reprints},
  year    = {2016}
}

@article{becker1995visualizing,
  title     = {Visualizing network data},
  author    = {Becker, Richard A. and Eick, Stephen G. and Wilks, Allan R.},
  journal   = {IEEE Transactions on visualization and computer graphics},
  volume    = {1},
  number    = {1},
  pages     = {16--28},
  year      = {1995},
  publisher = {IEEE}
}

@article{herman2000graph,
  title     = {Graph visualization and navigation in information visualization: A survey},
  author    = {Herman, Ivan and Melan{\c{c}}on, Guy and Marshall, M Scott},
  journal   = {IEEE Transactions on visualization and computer graphics},
  volume    = {6},
  number    = {1},
  pages     = {24--43},
  year      = {2000},
  publisher = {IEEE}
}

@misc{leskovec2014snap,
  title     = {SNAP Datasets: Stanford large network dataset collection},
  author    = {Leskovec, Jure and Krevl, Andrej},
  year      = {2014},
  publisher = {Ann Arbor, MI, USA}
}

@inproceedings{arifuzzaman2017scalable,
  title        = {Scalable mining and analysis of protein-protein interaction networks},
  author       = {Arifuzzaman, Shaikh and Pandey, Bikesh},
  booktitle    = {2017 IEEE 15th Intl Conf on Dependable, Autonomic and Secure Computing, 15th Intl Conf on Pervasive Intelligence and Computing, 3rd Intl Conf on Big Data Intelligence and Computing and Cyber Science and Technology Congress (DASC/PiCom/DataCom/CyberSciTech)},
  pages        = {1098--1105},
  year         = {2017},
  organization = {IEEE}
}

@inproceedings{arifuzzaman2015space,
  title        = {A space-efficient parallel algorithm for counting exact triangles in massive networks},
  author       = {Arifuzzaman, Shaikh and Khan, Maleq and Marathe, Madhav},
  booktitle    = {2015 IEEE 17th International Conference on High Performance Computing and Communications, 2015 IEEE 7th International Symposium on Cyberspace Safety and Security, and 2015 IEEE 12th International Conference on Embedded Software and Systems},
  pages        = {527--534},
  year         = {2015},
  organization = {IEEE}
}

@inproceedings{arifuzzaman2012patric,
author = {Arifuzzaman, Shaikh and Khan, Maleq and Marathe, Madhav},
title = {PATRIC: A Parallel Algorithm for Counting Triangles in Massive Networks},
year = {2013},
isbn = {9781450322638},
publisher = {Association for Computing Machinery},
address = {New York, NY, USA},
url = {https://doi.org/10.1145/2505515.2505545},
doi = {10.1145/2505515.2505545},
booktitle = {Proceedings of the 22nd ACM International Conference on Information \&amp; Knowledge Management},
pages = {529–538},
numpages = {10},
keywords = {triangle-counting, social networks, parallel algorithms, massive networks, clustering-coefficient, graph mining, big data},
location = {San Francisco, California, USA},
series = {CIKM '13}
}

@inproceedings{arifuzzaman2015fast,
  title        = {A fast parallel algorithm for counting triangles in graphs using dynamic load balancing},
  author       = {Arifuzzaman, Shaikh and Khan, Maleq and Marathe, Madhav},
  booktitle    = {2015 IEEE International Conference on Big Data (Big Data)},
  pages        = {1839--1847},
  year         = {2015},
  organization = {IEEE}
}

@article{matute2015illusions,
  title     = {Illusions of causality: how they bias our everyday thinking and how they could be reduced},
  author    = {Matute, Helena and Blanco, Fernando and Yarritu, Ion and D{\'\i}az-Lago, Marcos and Vadillo, Miguel A and Barberia, Itxaso},
  journal   = {Frontiers in psychology},
  volume    = {6},
  pages     = {888},
  year      = {2015},
  publisher = {Frontiers}
}

@book{rothman2012epidemiology,
  title     = {Epidemiology: an introduction},
  author    = {Rothman, Kenneth J},
  year      = {2012},
  publisher = {Oxford university press}
}

@article{dreyer2020death,
  title     = {The death of George Floyd: bending the arc of history toward justice for generations of children},
  author    = {Dreyer, Benard P and Trent, Maria and Anderson, Ashaunta T and Askew, George L and Boyd, Rhea and Coker, Tumaini R and Coyne-Beasley, Tamera and Fuentes-Afflick, Elena and Johnson, Tiffani and Mendoza, Fernando and others},
  journal   = {Pediatrics},
  volume    = {146},
  number    = {3},
  year      = {2020},
  publisher = {American Academy of Pediatrics}
}

@article{garza2014herstory,
  title  = {A herstory of the\# BlackLivesMatter movement},
  author = {Garza, Alicia},
  year   = {2014}
}

@article{pearl2011science,
  title     = {The science and ethics of causal modeling},
  author    = {Pearl, Judea},
  journal   = {Handbook of ethics in quantitative methodology},
  pages     = {383--416},
  year      = {2011},
  publisher = {Taylor \& Francis}
}


@misc{datawrapper,
  key          = {Datawrapper},
  title        = {Datawrapper app},
  howpublished = {\url{https://app.datawrapper.de/map/xlVE4/visualize?tpl=4SHJQ#refine}},
  year         = 2022,
  note         = {Accessed: 2022-05-20}
}

@misc{multiplelines,
  author       = {Dawson Byrd},
  title        = {Line Chart, Multiple Series},
  howpublished = {\url{https://observablehq.com/@dawbyrd/page-rank-score-time-series}},
  year         = 2021,
  note         = {Accessed: 2022-05-20}
}


@misc{2020timeseries,
  author       = {Mario Delgado},
  title        = {2020 Presidential Election Time Series},
  howpublished = {\url{https://observablehq.com/@mariodelgadosr/2020-presidential-election-time-series}},
  year         = 2020,
  note         = {Accessed: 2022-05-20}
}


@misc{loadedtimeseries,
  key          = {Many plots},
  title        = {Many Time Series Plots},
  howpublished = {\url{https://homepage.divms.uiowa.edu/~luke/classes/STAT4580/timeseries.html}},
  note         = {Accessed: 2022-06-01}
}

@misc{networkgraph,
  author       = {Raven Gao},
  title        = {Network Graph with d3.force grouping},
  howpublished = {\url{https://observablehq.com/@ravengao/force-directed-graph-with-cola-grouping}},
  year         = 2019,
  note         = {Accessed: 2022-05-10}
}

@misc{metro,
  author       = {Rick Martin},
  title        = {Metro Stations as Network Diagrams},
  howpublished = {\url{https://observablehq.com/@martin-pi/in-progress-metro-stations-as-process-diagrams}},
  year         = 2021,
  note         = {Accessed: 2022-05-10}
}

@misc{zoompan,
  key          = {Zooming and panning},
  title        = {Zooming and panning, interactive visualization},
  howpublished = {\url{https://vda-lab.github.io/visualisation-tutorial/vegalite-zooming-and-panning.html}},
  year         = 2020,
  note         = {Accessed: 2022-04-04}
}

@misc{brushlink,
  key          = {Brushing and linking},
  title        = {Brushing and linking, interactive visualization},
  howpublished = {\url{https://vda-lab.github.io/visualisation-tutorial/vegalite-brushing-and-linking.html}},
  year         = 2020,
  note         = {Accessed: 2022-04-04}
}

@misc{linkedjazz,
  author       = {Prof. Cristina Pattuelli},
  title        = {Linked Jazz},
  howpublished = {\url{https://linkedjazz.org/network/}},
  note         = {Accessed: 2022-04-04}
}

@misc{googlemap,
  key          = {Google Map},
  title        = {Google Map, detail view},
  howpublished = {\url{https://www.google.com/maps/place/Uppsala+Cathedral/@59.8581121,17.6314511,17z/data=!4m12!1m6!3m5!1s0x465fcbf133adc41b:0xf1c543d7d3d0188a!2sUppsala+Cathedral!8m2!3d59.8581094!4d17.6336451!3m4!1s0x465fcbf133adc41b:0xf1c543d7d3d0188a!8m2!3d59.8581094!4d17.6336451}},
  note         = {Accessed: 2022-04-07}
}

@misc{kff,
  author       = {KFF},
  title        = {COVID19 Global Tracker},
  howpublished = {\url{https://public.tableau.com/app/profile/kffdata/viz/KFF-CoronavirusTracker-Update4-10-20/Overview}},
  year         = 2020,
  note         = {Accessed: 2022-04-10}
}

@misc{d3g,
  author       = {Mike Bostock},
  title        = {D3 Gallery},
  howpublished = {\url{https://observablehq.com/@d3/gallery}},
  year         = 2020,
  note         = {Accessed: 2022-04-10}
}

@misc{googlechart,
  key          = {Google Chart},
  title        = {Google Chart Gallery},
  howpublished = {\url{https://developers.google.com/chart/interactive/docs/gallery}},
  year         = 2020,
  note         = {Accessed: 2022-04-13}
}

@misc{vega,
  key          = {Forceed layout},
  title        = {Force Directed Layout},
  howpublished = {\url{https://vega.github.io/vega/examples/force-directed-layout/}},
  note         = {Accessed: 2022-04-13}
}

@misc{vegalite,
  key          = {Vegalite Widgets},
  title        = {Query Widgets},
  howpublished = {\url{https://vega.github.io/vega-lite/examples/interactive_query_widgets.html}},
  note         = {Accessed: 2022-04-13}
}

@misc{canvas,
  key          = {Canvas StockChart},
  title        = {JavaScript StockChart with EMA - Exponential Moving Average Indicator},
  howpublished = {\url{https://canvasjs.com/javascript-stockcharts/exponential-moving-average-stockchart/}},
  note         = {Accessed: 2022-04-15}
}

@misc{qlik,
  key          = {Qlik platform},
  title        = {Qlik Active Intelligence Platform},
  howpublished = {\url{https://www.qlik.com/us}},
  note         = {Accessed: 2022-04-15}
}

@misc{bi,
  key          = {Power bi},
  title        = {Microsoft Power BI},
  howpublished = {\url{https://powerbi.microsoft.com/en-us/what-is-power-bi/}},
  note         = {Accessed: 2022-04-15}
}

@misc{infogram,
  key          = {Infogram tool},
  title        = {Infogram, visualization tool},
  howpublished = {\url{https://infogram.com}},
  note         = {Accessed: 2022-04-15}
}

@misc{plotly,
  key          = {Plotly Dash},
  title        = {Plotly, Dash Enterprise},
  howpublished = {\url{https://plotly.com}},
  note         = {Accessed: 2022-04-15}
}

@misc{sigma,
  key          = {Sigma Visualization},
  title        = {Sigma, Network Visualization},
  howpublished = {\url{https://www.sigmajs.org}},
  note         = {Accessed: 2022-04-15}
}

@article{2011-d3,
  title   = {D3: Data-Driven Documents},
  author  = {Michael Bostock AND Vadim Ogievetsky AND Jeffrey Heer},
  journal = {IEEE Trans. Visualization \& Comp. Graphics (Proc. InfoVis)},
  year    = {2011},
  url     = {http://vis.stanford.edu/papers/d3}
}

@article{2016-reactive-vega-architecture,
  title   = {Reactive Vega: A Streaming Dataflow Architecture for Declarative Interactive Visualization},
  author  = {Arvind Satyanarayan AND Ryan Russell AND Jane Hoffswell AND Jeffrey Heer},
  journal = {IEEE Trans. Visualization \& Comp. Graphics (Proc. InfoVis)},
  year    = {2016},
  url     = {http://idl.cs.washington.edu/papers/reactive-vega-architecture}
}

@article{2017-vega-lite,
  title   = {Vega-Lite: A Grammar of Interactive Graphics},
  author  = {Arvind Satyanarayan AND Dominik Moritz AND Kanit Wongsuphasawat AND Jeffrey Heer},
  journal = {IEEE Trans. Visualization \& Comp. Graphics (Proc. InfoVis)},
  year    = {2017},
  url     = {http://idl.cs.washington.edu/papers/vega-lite}
}

@article{dua2017uci,
  title  = {UCI machine learning repository},
  author = {Dua, Dheeru and Graff, Casey and others},
  year   = {2017}
}

@article{mistry2011critical,
  title     = {Critical care training: using Twitter as a teaching tool},
  author    = {Mistry, Virendra},
  journal   = {British Journal of Nursing},
  volume    = {20},
  number    = {20},
  pages     = {1292--1296},
  year      = {2011},
  publisher = {MA Healthcare London}
}

@article{bristol2010twitter,
  title   = {Twitter: consider the possibilities for continuing nursing education},
  author  = {Bristol, Tim J},
  journal = {The Journal of Continuing Education in Nursing},
  volume  = {41},
  number  = {5},
  pages   = {199--200},
  year    = {2010}
}

@article{BLM_TD,
  author = {Salvatore Giorgi and Sharath Chandra Guntuku and Muhammad Rahman and McKenzie Himelein-Wachowiak and Amy Kwarteng and Brenda Curtis},
  title  = {{Twitter Corpus of the BlackLivesMatter Movement And Counter Protests: 2013 to 2020}},
  year   = {2020},
  doi    = {https://arxiv.org/abs/2009.00596v2}
}
 
 @article{aggarwal2018modern,
  title   = {Modern web-development using reactjs},
  author  = {Aggarwal, Sanchit},
  journal = {International Journal of Recent Research Aspects},
  volume  = {5},
  number  = {1},
  pages   = {133--137},
  year    = {2018}
}

@misc{d3tool,
  author       = {Ammar Aldhahyani},
  title        = {A React and D3 visualization tool for Twitter},
  howpublished = {\url{https://github.com/ammarhd/Twitter-visualization-thesis}},
  year         = {2022}
}
