@article{sancho2014approach,
  title={An approach to the taxonomy of data visualisation},
  author={Sancho, JL Valero},
  year={2014},
  publisher={Universidad de La Laguna (Tenerife, Islas Canarias). LAboratorio de~…}
}

@inproceedings{li2015advanced,
  title={Advanced aggregate computation for large data visualization},
  author={Li, Xinxiao and Kuroda, Akira and Matsuzaki, Hidenori and Nakajima, Nobuyasu},
  booktitle={2015 IEEE 5th Symposium on Large Data Analysis and Visualization (LDAV)},
  pages={137--138},
  year={2015},
  organization={IEEE}
}

@misc{bertin1983semiology,
  title={Semiology of Graphics. Madison, Wis},
  author={Bertin, Jacques},
  year={1983},
  publisher={Univ. of Wisconsin Press}
}

@incollection{STEED2017165,
title = {Chapter 7 - Interactive Data Visualization},
editor = {Mashrur Chowdhury and Amy Apon and Kakan Dey},
booktitle = {Data Analytics for Intelligent Transportation Systems},
publisher = {Elsevier},
pages = {165-190},
year = {2017},
isbn = {978-0-12-809715-1},
doi = {https://doi.org/10.1016/B978-0-12-809715-1.00007-9},
url = {https://www.sciencedirect.com/science/article/pii/B9780128097151000079},
author = {Chad A. Steed},
keywords = {Data visualization, visual analytics, human–computer interaction, information visualization, scientific visualization}
}

@book{ward2010interactive,
  title={Interactive data visualization: foundations, techniques, and applications},
  author={Ward, Matthew O and Grinstein, Georges and Keim, Daniel},
  year={2010},
  publisher={AK Peters/CRC Press}
}

@article{wolfe2015sensation,
  title={Sensation and perception},
  author={Wolfe, Jeremy M and Kluender, Keith R and Levi, Dennis M and Bartoshuk, Linda M and Herz, Rachel S and Klatzky, Roberta L and Lederman, Susan J and Merfeld, Daniel M},
  year={2015},
  publisher={Sinauer Associates}
}

@book{salvendy2012handbook,
  title={Handbook of human factors and ergonomics},
  author={Salvendy, Gavriel},
  pages = {1209--1236},
  year={2012},
  publisher={John Wiley \& Sons}
}

@incollection{shneiderman2003eyes,
  title={The eyes have it: A task by data type taxonomy for information visualizations},
  author={Shneiderman, Ben},
  booktitle={The craft of information visualization},
  pages={336--343},
  year={2003},
  publisher={Elsevier}
}

@article{hornbaek2002navigation,
  title={Navigation patterns and usability of zoomable user interfaces with and without an overview},
  author={Hornb{\ae}k, Kasper and Bederson, Benjamin B and Plaisant, Catherine},
  journal={ACM Transactions on Computer-Human Interaction (TOCHI)},
  volume={9},
  number={4},
  pages={362--389},
  year={2002},
  publisher={ACM New York, NY, USA}
}

@inproceedings{bederson1994pad++,
  title={Pad++ a zooming graphical interface for exploring alternate interface physics},
  author={Bederson, Benjamin B and Hollan, James D},
  booktitle={Proceedings of the 7th annual ACM symposium on User interface software and technology},
  pages={17--26},
  year={1994}
}

@article{johnson1999tree,
  title={Tree-maps: A space-filling approach to the visualization of hierarchical},
  author={Johnson, Brian and Shneiderman, Ben},
  journal={Readings in information visualization: Using vision to think},
  pages={284--291},
  year={1991}
}

@article{plaisant1995image,
  title={Image-browser taxonomy and guidelines for designers},
  author={Plaisant, Catherine and Carr, David and Shneiderman, Ben},
  journal={Ieee Software},
  volume={12},
  number={2},
  pages={21--32},
  year={1995},
  publisher={IEEE}
}

@inproceedings{rao1994table,
  title={The table lens: merging graphical and symbolic representations in an interactive focus+ context visualization for tabular information},
  author={Rao, Ramana and Card, Stuart K},
  booktitle={Proceedings of the SIGCHI conference on Human factors in computing systems},
  pages={318--322},
  year={1994}
}

@inproceedings{baudisch2002keeping,
  title={Keeping things in context: a comparative evaluation of focus plus context screens, overviews, and zooming},
  author={Baudisch, Patrick and Good, Nathaniel and Bellotti, Victoria and Schraedley, Pamela},
  booktitle={Proceedings of the SIGCHI conference on Human factors in computing systems},
  pages={259--266},
  year={2002}
}

@book{ward2015interactive,
  title={Interactive data visualization: foundations, techniques, and applications, second ed.},
  author={Ward, Matthew O and Grinstein, Georges and Keim, Daniel},
  year={2015},
  publisher={A K Peters Publishers, Natick, MA}
}

@inproceedings{wills1996selection,
  title={Selection: 524,288 ways to say" this is interesting"},
  author={Wills, Graham J},
  booktitle={Proceedings IEEE Symposium on Information Visualization'96},
  pages={54--60},
  year={1996},
  organization={IEEE}
}

@inproceedings{north2001multiple,
  title={Multiple views and tight coupling in visualization: A language, taxonomy, and system},
  author={North, Chris},
  booktitle={Proc. CSREA CISST 2001 Workshop of Fundamental Issues in Visualization},
  pages={626--632},
  year={2001}
}

@inproceedings{wang2000guidelines,
  title={Guidelines for using multiple views in information visualization},
  author={Wang Baldonado, Michelle Q and Woodruff, Allison and Kuchinsky, Allan},
  booktitle={Proceedings of the working conference on Advanced visual interfaces},
  pages={110--119},
  year={2000}
}

@article{becker1987brushing,
  title={Brushing scatterplots},
  author={Becker, Richard A and Cleveland, William S},
  journal={Technometrics},
  volume={29},
  number={2},
  pages={127--142},
  year={1987},
  publisher={Taylor \& Francis}
}

@inproceedings{kung2015visualization,
  title={Visualization of big data},
  author={Kung, Sun-Yuan},
  booktitle={2015 IEEE 14th International Conference on Cognitive Informatics \& Cognitive Computing (ICCI* CC)},
  pages={447--448},
  year={2015},
  organization={IEEE}
}

@article{nair2016interactive,
  title={Interactive visual analytics on Big Data: Tableau vs D3. js},
  author={Nair, Lekha and Shetty, Sujala and Shetty, Siddhanth},
  journal={Journal of e-Learning and Knowledge Society},
  volume={12},
  number={4},
  year={2016},
  publisher={Italian e-Learning Association}
}

@article{parenteau2016magic,
  title={Magic quadrant for business intelligence and analytics platforms},
  author={Parenteau, Josh and Sallam, Rita L and Howson, Cindi and Tapadinhas, Joao and Schlegel, Kurt and Oestreich, Thomas W},
  journal={Recuperado de https://www. gartner. com/doc/reprints},
  year={2016}
}